@article{article:test,
    author          = {期刊作者},
    journal         = {XX杂志},
    number          = {X期},
    title           = {这是期刊},
    volume          = {X卷},
    year            = {1992}
}
@book{book:test,
    author         = {书籍作者},
    publisher      = {XX出版社},
    title          = {这是书籍},
    year           = {1993},
    address        = {北极}
}
@mastersthesis{mt:test,
    author         = {论文作者},
    school         = {XX学院},
    title          = {这是论文},
    year           = {1994},
    address        = {南极}
}
@online{ol:test,
    author       = {网页作者},
    url         = {www.baidu.com},
    title        = {这是网页},
    year         = {1995}
}